

@misc{semVer,
	Date-Modified = {2020-09-23 13:26:06 +0200},
	Howpublished = {\url{https://semver.org}},
	Key = {SemVer},
	Title = {Semantic Versioning 2.0.0}}
